<record><leader>01703cas a2200433 a 4500</leader><controlfield tag="005">20200728155605.0</controlfield><controlfield tag="008">810303d19741985nyubr p       0   a0eng d</controlfield><controlfield tag="001">991583506421</controlfield><datafield tag="010" ind1=" " ind2=" "><subfield code="a">sc 86007020 </subfield><subfield code="z">sn 85011289 </subfield></datafield><datafield tag="035" ind1=" " ind2=" "><subfield code="a">(OCoLC)ocm04522925</subfield><subfield code="0">(uri) http://www.worldcat.org/oclc/04522925</subfield></datafield><datafield tag="035" ind1=" " ind2=" "><subfield code="a">(CStRLIN)NJPG0361-S</subfield></datafield><datafield tag="035" ind1=" " ind2=" "><subfield code="9">AAF4392TS</subfield></datafield><datafield tag="035" ind1=" " ind2=" "><subfield code="a">158</subfield></datafield><datafield tag="035" ind1=" " ind2=" "><subfield code="a">(NjP)158-princetondb</subfield></datafield><datafield tag="040" ind1=" " ind2=" "><subfield code="a">XQM</subfield><subfield code="b">eng</subfield><subfield code="c">XQM</subfield><subfield code="d">NYG</subfield><subfield code="d">HUL</subfield><subfield code="d">MUL</subfield><subfield code="d">IUL</subfield><subfield code="d">NST</subfield><subfield code="d">DLC</subfield><subfield code="d">HUL</subfield><subfield code="d">NYG</subfield><subfield code="d">NST</subfield><subfield code="d">NSD</subfield><subfield code="d">NST</subfield><subfield code="d">IUL</subfield><subfield code="d">OCL</subfield></datafield><datafield tag="022" ind1="0" ind2=" "><subfield code="a">0898-1078</subfield><subfield code="0">(uri) http://worldcat.org/issn/0898-1078</subfield></datafield><datafield tag="042" ind1=" " ind2=" "><subfield code="a">lc</subfield><subfield code="a">nsdp</subfield></datafield><datafield tag="043" ind1=" " ind2=" "><subfield code="a">n-us---</subfield></datafield><datafield tag="082" ind1="1" ind2="0"><subfield code="a">686</subfield><subfield code="2">11</subfield></datafield><datafield tag="210" ind1="0" ind2=" "><subfield code="a">APHA lett.</subfield></datafield><datafield tag="222" ind1=" " ind2="4"><subfield code="a">The APHA letter</subfield></datafield><datafield tag="245" ind1="0" ind2="4"><subfield code="a">The APHA letter /</subfield><subfield code="c">American Printing History Association.</subfield></datafield><datafield tag="246" ind1="3" ind2=" "><subfield code="a">American Printing History Association letter</subfield></datafield><datafield tag="260" ind1=" " ind2=" "><subfield code="a">[New York] :</subfield><subfield code="b">The Association,</subfield><subfield code="c">[1974-1985]</subfield></datafield><datafield tag="265" ind1=" " ind2=" "><subfield code="a">American Printing History Association, P.O. Box 4922, Grand Central Station, New York, NY 10017</subfield></datafield><datafield tag="300" ind1=" " ind2=" "><subfield code="a">12 v. ;</subfield><subfield code="c">28 cm.</subfield></datafield><datafield tag="310" ind1=" " ind2=" "><subfield code="a">Six no. yearly</subfield></datafield><datafield tag="362" ind1="0" ind2=" "><subfield code="a">No. 1 (Nov. 1974)-no. 68.</subfield></datafield><datafield tag="500" ind1=" " ind2=" "><subfield code="a">Title from caption.</subfield></datafield><datafield tag="515" ind1=" " ind2=" "><subfield code="a">No. 27-68 also numbered 1979, no. 1-1985, no. 6.</subfield></datafield><datafield tag="515" ind1=" " ind2=" "><subfield code="a">No. 1 re-issued as reprint in Feb. 1975.</subfield></datafield><datafield tag="525" ind1=" " ind2=" "><subfield code="a">Has occasional supplements.</subfield></datafield><datafield tag="555" ind1=" " ind2=" "><subfield code="a">No. 1 (1974)-8 (1975), with no. 8.</subfield></datafield><datafield tag="650" ind1=" " ind2="0"><subfield code="a">Printing</subfield><subfield code="z">United States</subfield><subfield code="x">History</subfield><subfield code="v">Periodicals.</subfield></datafield><datafield tag="650" ind1=" " ind2="0"><subfield code="a">Printing</subfield><subfield code="v">Periodicals.</subfield><subfield code="0">http://id.loc.gov/authorities/subjects/sh85106764</subfield></datafield><datafield tag="610" ind1="2" ind2="0"><subfield code="a">American Printing History Association</subfield><subfield code="v">Periodicals.</subfield></datafield><datafield tag="655" ind1=" " ind2="7"><subfield code="a">Periodicals.</subfield><subfield code="2">lcgft</subfield><subfield code="0">http://id.loc.gov/authorities/genreForms/gf2014026139</subfield></datafield><datafield tag="710" ind1="2" ind2=" "><subfield code="a">American Printing History Association.</subfield><subfield code="0">http://id.loc.gov/authorities/names/n79074225</subfield></datafield><datafield tag="785" ind1="0" ind2="0"><subfield code="t">APHA newsletter</subfield><subfield code="w">(DLC)sn 86021679</subfield><subfield code="w">(OCoLC)13154156</subfield></datafield><datafield tag="999" ind1=" " ind2=" "><subfield code="a">158</subfield></datafield><datafield tag="950" ind1=" " ind2=" "><subfield code="b">2020-12-02 20:58:51 US/Eastern</subfield><subfield code="a">false</subfield></datafield><datafield tag="852" ind1="8" ind2="1"><subfield code="b">rare</subfield><subfield code="c">ga</subfield><subfield code="h">2006-0030Q</subfield><subfield code="k">Oversize</subfield><subfield code="8">22262098640006421</subfield></datafield><datafield tag="866" ind1=" " ind2="0"><subfield code="a">No. 1 (Feb. 1975)-no. 68</subfield><subfield code="8">22262098640006421</subfield></datafield><datafield tag="866" ind1=" " ind2="0"><subfield code="z">LACKS: no. 25-26,29,49-50, 56</subfield><subfield code="8">22262098640006421</subfield></datafield><datafield tag="867" ind1=" " ind2="0"><subfield code="a">no. 20</subfield><subfield code="8">22262098640006421</subfield></datafield><datafield tag="952" ind1=" " ind2=" "><subfield code="a">2020-12-03 01:58:51</subfield><subfield code="8">22262098640006421</subfield><subfield code="b">Rare Books and Special Collections</subfield><subfield code="c">ga Graphic Arts</subfield><subfield code="e">false</subfield></datafield><datafield tag="876" ind1=" " ind2=" "><subfield code="0">22262098640006421</subfield><subfield code="a">23262098620006421</subfield><subfield code="j">1</subfield><subfield code="i">8</subfield><subfield code="3">no.46-68 (inc.)</subfield><subfield code="d">2020-12-03 01:58:51</subfield><subfield code="h">Oversize 2006-0030Q</subfield><subfield code="p">32101070758865</subfield><subfield code="t">1</subfield></datafield><datafield tag="876" ind1=" " ind2=" "><subfield code="0">22262098640006421</subfield><subfield code="a">23262098630006421</subfield><subfield code="j">1</subfield><subfield code="i">8</subfield><subfield code="3">no.1-45 (inc.)</subfield><subfield code="d">2020-12-03 01:58:51</subfield><subfield code="h">Oversize 2006-0030Q</subfield><subfield code="p">32101036897518</subfield><subfield code="t">1</subfield></datafield></record>